@book{nielson2004,
  title={Principles of Program Analysis},
  author={Nielson, F. and Nielson, H.R. and Hankin, C.},
  isbn={9783540654100},
  lccn={99047677},
  url={https://books.google.com.mt/books?id=RLjt0xSj8DcC},
  year={2004},
  publisher={Springer Berlin Heidelberg}
}
